@article{Plottke_2004,
	title = {Electron-impact helium double excitation within the S-wave model},
	author = {C Plottke and P Nicol and I Bray and D V Fursa and A T Stelbovics},
	journal = {Journal of Physics B: Atomic, Molecular and Optical Physics},
	volume = {37},
	pages = {3711--3721},
	number = {18},
	year = {2004},
	month = {sep},
	publisher = {{IOP} Publishing},
	doi = {10.1088/0953-4075/37/18/011},
	url = {https://doi.org/10.1088/0953-4075/37/18/011}
}

@article{PhysRevA.81.022715,
  title = {Electron-helium $S$-wave model benchmark calculations. I. Single
                  ionization and single excitation},
  author = {Bartlett, Philip L. and Stelbovics, Andris T.},
  journal = {Phys. Rev. A},
  volume = {81},
  issue = {2},
  pages = {022715},
  numpages = {12},
  year = {2010},
  month = {Feb},
  publisher = {American Physical Society},
  doi = {10.1103/PhysRevA.81.022715},
  url = {https://link.aps.org/doi/10.1103/PhysRevA.81.022715}
}

@article{PhysRevA.81.022716,
  title = {Electron-helium $S$-wave model benchmark calculations. II. Double
                  ionization, single ionization with excitation, and double
                  excitation},
  author = {Bartlett, Philip L. and Stelbovics, Andris T.},
  journal = {Phys. Rev. A},
  volume = {81},
  issue = {2},
  pages = {022716},
  numpages = {9},
  year = {2010},
  month = {Feb},
  publisher = {American Physical Society},
  doi = {10.1103/PhysRevA.81.022716},
  url = {https://link.aps.org/doi/10.1103/PhysRevA.81.022716}
}

@article{PhysRevA.90.022710,
  title = {Ionization amplitudes in electron-hydrogen collisions},
  author = {Bray, I. and Guilfoile, C. J. and Kadyrov, A. S. and Fursa,
                  D. V. and Stelbovics, A. T.},
  journal = {Phys. Rev. A},
  volume = {90},
  issue = {2},
  pages = {022710},
  numpages = {4},
  year = {2014},
  month = {Aug},
  publisher = {American Physical Society},
  doi = {10.1103/PhysRevA.90.022710},
  url = {https://link.aps.org/doi/10.1103/PhysRevA.90.022710}
}

@article{PhysRevLett.78.4721,
  title = {Close-Coupling Theory of Ionization: Successes and Failures},
  author = {Bray, Igor},
  journal = {Phys. Rev. Lett.},
  volume = {78},
  issue = {25},
  pages = {4721--4724},
  numpages = {0},
  year = {1997},
  month = {Jun},
  publisher = {American Physical Society},
  doi = {10.1103/PhysRevLett.78.4721},
  url = {https://link.aps.org/doi/10.1103/PhysRevLett.78.4721}
}

@article{PhysRevLett.83.1570,
  title = {Calculation of Ionization within the Close-Coupling Formalism},
  author = {Stelbovics, Andris T.},
  journal = {Phys. Rev. Lett.},
  volume = {83},
  issue = {8},
  pages = {1570--1573},
  numpages = {0},
  year = {1999},
  month = {Aug},
  publisher = {American Physical Society},
  doi = {10.1103/PhysRevLett.83.1570},
  url = {https://link.aps.org/doi/10.1103/PhysRevLett.83.1570}
}

@article{PhysRevLett.89.273201,
  title = {Close-Coupling Approach to Coulomb Three-Body Problems},
  author = {Bray, Igor},
  journal = {Phys. Rev. Lett.},
  volume = {89},
  issue = {27},
  pages = {273201},
  numpages = {4},
  year = {2002},
  month = {Dec},
  publisher = {American Physical Society},
  doi = {10.1103/PhysRevLett.89.273201},
  url = {https://link.aps.org/doi/10.1103/PhysRevLett.89.273201}
}

@article{PhysRevLett.107.023203,
  title = {Nonperturbative Treatment of Ionization with Excitation of Helium by
                  Electron Impact},
  author = {Zatsarinny, Oleg and Bartschat, Klaus},
  journal = {Phys. Rev. Lett.},
  volume = {107},
  issue = {2},
  pages = {023203},
  numpages = {4},
  year = {2011},
  month = {Jul},
  publisher = {American Physical Society},
  doi = {10.1103/PhysRevLett.107.023203},
  url = {https://link.aps.org/doi/10.1103/PhysRevLett.107.023203}
}

@article{BRAY19951,
  title = {The convergent close-coupling method for a Coulomb three-body problem},
  author = {Igor Bray and Andris T. Stelbovics},
  journal = {Computer Physics Communications},
  volume = {85},
  number = {1},
  pages = {1-17},
  year = {1995},
  issn = {0010-4655},
  doi = {https://doi.org/10.1016/0010-4655(94)00134-N},
  url = {https://www.sciencedirect.com/science/article/pii/001046559400134N}
}

@article{Fursa_1997,
	doi = {10.1088/0953-4075/30/4/003},
	url = {https://doi.org/10.1088/0953-4075/30/4/003},
	year = 1997,
	month = {feb},
	publisher = {{IOP} Publishing},
	volume = {30},
	number = {4},
	pages = {757--785},
	author = {Dmitry V Fursa and Igor Bray},
	title = {Convergent close-coupling calculations of electron - helium
                  scattering},
	journal = {Journal of Physics B: Atomic, Molecular and Optical Physics}
}

@article{PhysRevA.52.1279,
  title = {Calculation of electron-helium scattering},
  author = {Fursa, Dmitry V. and Bray, Igor},
  journal = {Phys. Rev. A},
  volume = {52},
  issue = {2},
  pages = {1279--1297},
  numpages = {0},
  year = {1995},
  month = {Aug},
  publisher = {American Physical Society},
  doi = {10.1103/PhysRevA.52.1279},
  url = {https://link.aps.org/doi/10.1103/PhysRevA.52.1279}
}

@article{AJP_BRAY1996,
  title = {Calculation of Electron Scattering on Atoms and Ions},
  author = {Bray, Igor},
  year = {1996},
  month = {01},
  pages = {},
  volume = {49},
  journal = {Australian Journal of Physics - AUST J PHYS},
  doi = {10.1071/PH960201}
}

@article{PhysRevA.46.6995,
  title = {Convergent close-coupling calculations of electron-hydrogen
                  scattering},
  author = {Bray, Igor and Stelbovics, Andris T.},
  journal = {Phys. Rev. A},
  volume = {46},
  issue = {11},
  pages = {6995--7011},
  numpages = {0},
  year = {1992},
  month = {Dec},
  publisher = {American Physical Society},
  doi = {10.1103/PhysRevA.46.6995},
  url = {https://link.aps.org/doi/10.1103/PhysRevA.46.6995}
}

@article{PhysRevLett.69.53,
  title = {Explicit demonstration of the convergence of the close-coupling
                  method for a Coulomb three-body problem},
  author = {Bray, Igor and Stelbovics, Andris T.},
  journal = {Phys. Rev. Lett.},
  volume = {69},
  issue = {1},
  pages = {53--56},
  numpages = {0},
  year = {1992},
  month = {Jul},
  publisher = {American Physical Society},
  doi = {10.1103/PhysRevLett.69.53},
  url = {https://link.aps.org/doi/10.1103/PhysRevLett.69.53}
}

@article{PhysRevLett.70.746,
  title = {Calculation of the total ionization cross section and spin asymmetry
                  in electron-hydrogen scattering from threshold to 500 eV},
  author = {Bray, Igor and Stelbovics, Andris T.},
  journal = {Phys. Rev. Lett.},
  volume = {70},
  issue = {6},
  pages = {746--749},
  numpages = {0},
  year = {1993},
  month = {Feb},
  publisher = {American Physical Society},
  doi = {10.1103/PhysRevLett.70.746},
  url = {https://link.aps.org/doi/10.1103/PhysRevLett.70.746}
}

@article{Bray_2002,
	doi = {10.1088/0953-4075/35/15/201},
	url = {https://doi.org/10.1088/0953-4075/35/15/201},
	year = 2002,
	month = {jul},
	publisher = {{IOP} Publishing},
	volume = {35},
	number = {15},
	pages = {R117--R146},
	author = {I Bray and D V Fursa and A S Kheifets and A T Stelbovics},
	title = {Electrons and photons colliding with atoms: development and
                  application of the convergent close-coupling method},
	journal = {Journal of Physics B: Atomic, Molecular and Optical Physics}
}

@article{PhysRevA.49.1066,
  title = {Convergent close-coupling method for the calculation of electron
                  scattering on hydrogenlike targets},
  author = {Bray, Igor},
  journal = {Phys. Rev. A},
  volume = {49},
  issue = {2},
  pages = {1066--1082},
  numpages = {0},
  year = {1994},
  month = {Feb},
  publisher = {American Physical Society},
  doi = {10.1103/PhysRevA.49.1066},
  url = {https://link.aps.org/doi/10.1103/PhysRevA.49.1066}
}

@article{PhysRevLett.76.2674,
  title = {Convergent Close-Coupling Method: A ``Complete Scattering Theory''?},
  author = {Bray, Igor and Fursa, Dmitry V.},
  journal = {Phys. Rev. Lett.},
  volume = {76},
  issue = {15},
  pages = {2674--2677},
  numpages = {0},
  year = {1996},
  month = {Apr},
  publisher = {American Physical Society},
  doi = {10.1103/PhysRevLett.76.2674},
  url = {https://link.aps.org/doi/10.1103/PhysRevLett.76.2674}
}

@article{PhysRevA.54.R995,
  title = {Calculation of double photoionization of helium using the convergent
                  close-coupling method},

  author = {Kheifets, Anatoli S. and Bray, Igor},
  journal = {Phys. Rev. A},
  volume = {54},
  issue = {2},
  pages = {R995--R997},
  numpages = {0},
  year = {1996},
  month = {Aug},
  publisher = {American Physical Society},
  doi = {10.1103/PhysRevA.54.R995},
  url = {https://link.aps.org/doi/10.1103/PhysRevA.54.R995}
}

@article{PhysRevA.58.4501,
  title = {Photoionization with excitation and double photoionization of the
                  helium isoelectronic sequence},
  author = {Kheifets, Anatoli S. and Bray, Igor},
  journal = {Phys. Rev. A},
  volume = {58},
  issue = {6},
  pages = {4501--4511},
  numpages = {0},
  year = {1998},
  month = {Dec},
  publisher = {American Physical Society},
  doi = {10.1103/PhysRevA.58.4501},
  url = {https://link.aps.org/doi/10.1103/PhysRevA.58.4501}
}

@article{PhysRev.126.130,
  title = {Nonadiabatic Theory of Electron-Hydrogen Scattering},
  author = {Temkin, A.},
  journal = {Phys. Rev.},
  volume = {126},
  issue = {1},
  pages = {130--142},
  numpages = {0},
  year = {1962},
  month = {Apr},
  publisher = {American Physical Society},
  doi = {10.1103/PhysRev.126.130},
  url = {https://link.aps.org/doi/10.1103/PhysRev.126.130}
}

@article{Poet_1978,
	doi = {10.1088/0022-3700/11/17/019},
	url = {https://doi.org/10.1088/0022-3700/11/17/019},
	year = 1978,
	month = {sep},
	publisher = {{IOP} Publishing},
	volume = {11},
	number = {17},
	pages = {3081--3094},
	author = {R Poet},
	title = {The exact solution for a simplified model of electron scattering by
                  hydrogen atoms},
	journal = {Journal of Physics B: Atomic and Molecular Physics}
}

@article{PhysRevA.64.022709,
  title = {Accurate amplitudes for electron-impact ionization},
  author = {Baertschy, M. and Rescigno, T. N. and McCurdy, C. W.},
  journal = {Phys. Rev. A},
  volume = {64},
  issue = {2},
  pages = {022709},
  numpages = {11},
  year = {2001},
  month = {Jul},
  publisher = {American Physical Society},
  doi = {10.1103/PhysRevA.64.022709},
  url = {https://link.aps.org/doi/10.1103/PhysRevA.64.022709}
}

@article{PhysRevA.54.2991,
  title = {Calculation of ionization within the close-coupling formalism},
  author = {Bray, Igor and Fursa, Dmitry V.},
  journal = {Phys. Rev. A},
  volume = {54},
  issue = {4},
  pages = {2991--3004},
  numpages = {0},
  year = {1996},
  month = {Oct},
  publisher = {American Physical Society},
  doi = {10.1103/PhysRevA.54.2991},
  url = {https://link.aps.org/doi/10.1103/PhysRevA.54.2991}
}

@article{PhysRevA.56.1958,
  title = {Approach to electron-impact ionization that avoids the three-body
                  Coulomb asymptotic form},
  author = {McCurdy, C. W. and Rescigno, T. N. and Byrum, D.},
  journal = {Phys. Rev. A},
  volume = {56},
  issue = {3},
  pages = {1958--1969},
  numpages = {0},
  year = {1997},
  month = {Sep},
  publisher = {American Physical Society},
  doi = {10.1103/PhysRevA.56.1958},
  url = {https://link.aps.org/doi/10.1103/PhysRevA.56.1958}
}

@article{PhysRevA.63.040702,
  title = {Close-coupling approach to electron-impact ionization of helium},
  author = {Bray, Igor and Fursa, Dmitry V. and Stelbovics, Andris T.},
  journal = {Phys. Rev. A},
  volume = {63},
  issue = {4},
  pages = {040702},
  numpages = {4},
  year = {2001},
  month = {Mar},
  publisher = {American Physical Society},
  doi = {10.1103/PhysRevA.63.040702},
  url = {https://link.aps.org/doi/10.1103/PhysRevA.63.040702}
}
